@misc{nih_about, 
    title={Who We Are}, 
    url={https://www.nih.gov/about-nih/who-we-are}, 
    journal={National Institutes of Health}, 
    publisher={U.S. Department of Health and Human Services}
}

@misc{nih_connectome, 
    title={Connectome Programs}, 
    url={https://neuroscienceblueprint.nih.gov/human-connectome/connectome-programs}, 
    journal={National Institutes of Health}, 
    publisher={U.S. Department of Health and Human Services}
}

@article{wuminn,
    title = {The WU-Minn Human Connectome Project: An overview},
    journal = "NeuroImage",
    volume = "80",
    pages = "62 - 79",
    year = "2013",
    note = "Mapping the Connectome",
    issn = "1053-8119",
    doi = "https://doi.org/10.1016/j.neuroimage.2013.05.041",
    url = "http://www.sciencedirect.com/science/article/pii/S1053811913005351",
    author = "David C. Van Essen and Stephen M. Smith and Deanna M. Barch and Timothy E.J. Berens and Essa Yacoub and Kamil Ugurbil"
}

@misc{ccf, 
    title={Connectome - Homepage}, 
    url={https://www.humanconnectome.org/}, 
    journal={Human Connectome Project}, 
    author={UpAndRunning}
}

@article{ad,
    author = {Mito, Remika and Raffelt, David and Dhollander, Thijs and Vaughan, David N and Tournier, J-Donald and Salvado, Olivier and Brodtmann, Amy and Rowe, Christopher C and Villemagne, Victor L and Connelly, Alan},
    title = "Fibre-specific white matter reductions in Alzheimer's disease and mild cognitive impairment",
    journal = {Brain},
    volume = {141},
    number = {3},
    pages = {888-902},
    year = {2018},
    month = {01}
}

@article{ad_haass,
    author = {Haass, Christian},
    title = {Alzheimer - Mechanismen und therapeutische Anseatze. Warum wir im Alter dement werden},
    journal = {Biologie in unserer Zeit},
    volume = {39},
    number = {2},
    pages = {92-100},
    keywords = {Alzheimer, neurodegenerative Erkrankungen, beta-Amyloid, Demenz},
    doi = {10.1002/biuz.200910388},
    url = {https://onlinelibrary.wiley.com/doi/abs/10.1002/biuz.200910388},
    eprint = {https://onlinelibrary.wiley.com/doi/pdf/10.1002/biuz.200910388},
    year = {2009}
}
