@MISC{kochbuch,
  author={Markus Porto},
  title={\textit{Kochbuch für {\LaTeX}}},
  howpublished={\\\url{http://www.uni-giessen.de/hrz/tex/cookbook/cookbook.html}},
  year={1995}
}

@MISC{rudl,
  author={Jan Rudl},
  title={\textit{Einführung in {\LaTeX} - {K}ursunterlagen}},
  year={2003},
  howpublished={\\\url{http://www.math.tu-dresden.de/~rudl/latex/LaTeX-Kurs.pdf}}
}

@BOOK{begleiter,
  author={ Michel Goossens and Frank Mittelbach and Alexander Samarin},
  title={Der {\LaTeX-B}egleiter},
  publisher={Addison-{W}esley},
  year={2002}
}

@BOOK{kopka,
  author={Helmut Kopka},
  title={{\LaTeX: eine Einführung}},
  publisher={{Addison-Wesley}},
  year={1992}
}
